@String{ bmka   = {Biometrika}}
@String{ bmcs   = {Biometrics}}
@String{ ams    = {The Annals of Mathematical Statistics}}
@String{ tech   = {Technometrics}}
@String{ dek    = {Marcel Dekker}}
@String{ ny     = {New York}}
@String{ apstat     = {Applied Statistics}}
@String{ canjs  = {Canadian Journal of Statistics}}
@String{ bos    = {Boston}}
@String{ sinica     = {Statistica Sinica}}
@String{ amstat     = {The American Statistician}}
@String{ jasa   = {Journal of the American Statistical Association}}
@String{ wil    = {John Wiley \& Sons}}
@String{ commstata  = {Communications in Statistics -- Theory and Methods}}
@String{ jqt    = {Journal of Quality Technology}}
@String{ jrssb  = {Journal of the Royal Statistical Society B}}
@String{ sci    = {Science}}

@Article{Lenth:2009,
  author        = {Russell V. Lenth},
  title         = {Response-Surface Methods in \proglang{R}, Using \pkg{rsm}},
  journal       = {Journal of Statistical Software},
  year          = {2009},
  volume        = {32},
  number        = {7},
  pages		= {1--17},
  url           = {http://www.jstatsoft.org/v32/i07/}
}

@Manual{R,
  title		= {\proglang{R}: {A} Language and Environment for Statistical Computing},
  author	= {{\proglang{R} Development Core Team}},
  organization	= {\proglang{R} Foundation for Statistical Computing},
  address	= {Vienna, Austria},
  year		= {2009},
  note          = {{ISBN} 3-900051-07-0},
  url		= {http://www.R-project.org/}
}

@article{Box51,
  author = "George E. P. Box and K. B. Wilson",
  year = 1951,
  title = "On the Experimental Attainment of Optimum Conditions",
  journal = jrssb, volume = 13, pages = "1--45"
}

@article{Box60,
  author = "George E. P. Box and D. W. Behnken",
  year = 1960,
  title = "Some New Three Level Designs for the Study of Quantitative Variables",
  journal = tech, volume = 2, pages = "455--475"
}

@Book{Box87,
  Author         = "Box, George E. P. and Draper, Norman R.",
  Title          = "Empirical Model-Building and Response Surfaces",
  Publisher      = wil,
  Address        = ny,
  year           = 1987,
}

@Book{Box05,
  Author         = "Box, George E. P. and Hunter, William G. and Hunter,
                   J. Stuart",
  Title          = "Statistics for Experimenters: An Introduction to
                   Design, Data Analysis, and Model Building",
  Publisher      = wil,
  Address        = ny,
  Edition        = "2nd",
  year           = 2005
}

@article{Dra63,
  author = "Norman R. Draper",
  year = 1963,
  title = "\hspace{.05em}`Ridge Analysis' of Response Surfaces",
  journal = tech, volume = 5, pages = "469--479"
}

@article{Hil89,
  author = "W. J. Hill and W. G. Hunter",
  year = 1989,
  title = "A Review of Response Surface Methodology: A Literature Review",
  journal = tech, volume = 8, pages = "571--590"
}

@article{Hoe59,
  author = "A. E. Hoerl",
  year = 1959,
  title = "Optimum Solution of Many Variables Equations",
  journal = "{Chemical Engineering Progress}",
  volume = 55, pages = "67--78"
}

@article{Hoe64,
  author = "A. E. Hoerl",
  year = 1964,
  title = "Ridge Analysis",
  journal = "{Chemical Engineering Symposium Series}",
  volume = 60, pages = "67--77"
}

@article{Hoe85,
  author = "Roger W. Hoerl",
  year = 1985,
  title = "Ridge Analysis 25 Years Later",
  journal = amstat, volume = 39, pages = "186--193"
}

@book{Khu96,
  author = "Andr\'e I. Khuri and John A. Cornell",
  year = 1996,
  edition = "2nd",
  title = "Responses Surfaces: Design and Analyses",
  publisher = dek, address = "Monticello, NY"
}

@Manual{Kuh09,
    title = {\pkg{desirability}: Desirability Function Optimization and Ranking},
    author = {Max Kuhn},
    year = {2009},
    note = {\proglang{R}~package version~1.02},
    url = {http://CRAN.R-project.org/package=desirability}
}

@book{Mye09,
  author = "Raymond H. Myers and Douglas C. Montgomery and Christine M. Anderson-Cook",
  year = 2009,
  title = "Response Surface Methodology: Product and Process Optimization Using Designed Experiments",
  edition = "3nd",
  address = ny, publisher=wil
}

@article{Mye04,
  author = "R. H. Myers and D. C. Montgomery and G. G. Vining and C. M. Borror and S. M. Kowalski",
  year = 2004,
  title = "Response Surface Methodology: A Retrospective and Literature Survey",
  journal = jqt, volume = 36, pages = "53--78"
}

@book{Ryan07,
  author = "Thomas P. Ryan", year = 2007,
  title = "Modern Experimental Design",
  publisher = wil, address = ny
}

@book{Wu00,
  author = "C. F. Jeff Wu and Michael Hamada",
  year = 2000,
  title = "Experiments: Planning, Analysis, and Parameter Design Optimization",
  address = ny, publisher = wil
}


@manual{DEsoft, 
  year = 2009,
  author = "{Stat-Ease, Inc.}",
  title = "\pkg{Design-Expert}~7 for Windows:
    Software for Design of Experiments (DOE)",
  address = "Minneapolis, MN",
  url = "http://www.statease.com/"
}

@manual{JMPsoft,
  year = 2009,
  author = "{SAS Institute, Inc.}",
  title = "\pkg{JMP}~8: Statistical Discovery Software",
  address = "Cary, NC",
  url = "http://www.jmp.com/"
}

@manual{SGsoft,
   year = 2009,
   author = "{StatPoint Technologies, Inc.}",
   title = "\pkg{Statgraphics} Centurion: Data Analysis and Statistical Software",
   address = "Warrenton, VA",
   url = "http://www.statgraphics.com/"
}

